<?xml version="1.0" encoding="UTF-8"?><collection xmlns="http://www.loc.gov/MARC21/slim"><record><leader>00428nam--2200145-i-4500</leader><controlfield tag="001">000040325</controlfield><controlfield tag="002">20161230</controlfield><controlfield tag="005">20161230201042</controlfield><controlfield tag="008">060222s1000------------r-----000-0-eng-d</controlfield><datafield ind1=" " ind2=" " tag="080"><subfield code="a">530.12:531.18</subfield></datafield><datafield ind1=" " ind2=" " tag="100"><subfield code="a">Sard,R.D</subfield></datafield><datafield ind1=" " ind2=" " tag="245"><subfield code="a">Relativistic mechanics. special relativity and classical particle dynamics</subfield></datafield><datafield ind1=" " ind2=" " tag="260"><subfield code="a">New York, W.A.Benjamin, Inc.,1970. Xxi + 376 P</subfield></datafield><datafield ind1=" " ind2=" " tag="490"><subfield code="a">Lect.Notes And Supplement In Ph</subfield></datafield><datafield ind1=" " ind2=" " tag="852"><subfield code="a">37097</subfield></datafield></record></collection>